
@article{verdier_categories_nodate,
	title = {Des catégories dérivées des catégories abéliennes},
	url = {http://www.numdam.org/item/?id=AST_1996__239__R1_0},
	pages = {270},
	author = {Verdier, Jean-Louis},
	langid = {french},
}

@article{kan_css_1957,
	title = {On c.s.s. Categories},
	pages = {82--94},
	journaltitle = {Boletín de la Sociedad Matemática Mexicana},
	author = {Kan, Daniel M.},
	date = {1957},
}

@incollection{heller_theorem_1970,
	location = {Providence, Rhode Island},
	title = {On a theorem of Wilder},
	volume = {17},
	isbn = {978-0-8218-1417-8 978-0-8218-9302-9},
	url = {http://www.ams.org/pspum/017},
	pages = {184--191},
	booktitle = {Proceedings of Symposia in Pure Mathematics},
	publisher = {American Mathematical Society},
	author = {Verdier, J.-L.},
	editor = {Heller, Alex},
	urldate = {2022-12-04},
	date = {1970},
	langid = {english},
	doi = {10.1090/pspum/017/0267576},
}

@book{grothendieck_theorie_1972,
	location = {Berlin, Heidelberg},
	title = {Théorie des Topos et Cohomologie Etale des Schémas},
	volume = {269},
	isbn = {978-3-540-05896-0 978-3-540-37549-4},
	url = {http://link.springer.com/10.1007/BFb0081551},
	series = {Lecture Notes in Mathematics},
	publisher = {Springer},
	author = {Grothendieck, A. and Verdier, J. L.},
	urldate = {2022-12-04},
	date = {1972},
	doi = {10.1007/BFb0081551},
	keywords = {Theorie, Topos},
}

@article{spanier_higher_1963,
	title = {Higher Order Operations},
	volume = {109},
	issn = {0002-9947},
	url = {https://www.jstor.org/stable/1993858},
	doi = {10.2307/1993858},
	pages = {509--539},
	number = {3},
	journaltitle = {Transactions of the American Mathematical Society},
	author = {Spanier, E.},
	urldate = {2022-12-04},
	date = {1963},
	note = {Publisher: American Mathematical Society},
}

@article{serre_groupes_1953,
	title = {Groupes D'Homotopie Et Classes De Groupes Abeliens},
	volume = {58},
	issn = {0003-486X},
	url = {https://people.math.rochester.edu/faculty/doug/otherpapers/Serre-Classes.pdf},
	doi = {10.2307/1969789},
	pages = {258--294},
	number = {2},
	journaltitle = {Annals of Mathematics},
	author = {Serre, Jean-Pierre},
	urldate = {2022-12-04},
	date = {1953},
	note = {Publisher: Annals of Mathematics},
}

@article{milnor_geometric_1957,
	title = {The Geometric Realization of a Semi-Simplicial Complex},
	volume = {65},
	issn = {0003-486X},
	url = {https://static.aminer.org/pdf/PDF/000/225/050/geometric_realization_of_simplicial_complexes.pdf},
	doi = {10.2307/1969967},
	pages = {357--362},
	number = {2},
	journaltitle = {Annals of Mathematics},
	author = {Milnor, John},
	urldate = {2022-12-04},
	date = {1957},
	note = {Publisher: Annals of Mathematics},
}

@article{lawvere_functorial_1963,
	title = {Functorial semantics of algebraic theories*},
	volume = {50},
	url = {https://www.pnas.org/doi/10.1073/pnas.50.5.869},
	doi = {10.1073/pnas.50.5.869},
	pages = {869--872},
	number = {5},
	journaltitle = {Proceedings of the National Academy of Sciences},
	author = {Lawvere, F. William},
	urldate = {2022-12-04},
	date = {1963-11},
	note = {Publisher: Proceedings of the National Academy of Sciences. Reprint:  http://tac.mta.ca/tac/reprints/articles/5/tr5.pdf},
}

@article{kan_css_1957-1,
	title = {On c.s.s. Complexes},
	volume = {79},
	issn = {0002-9327},
	url = {https://people.math.rochester.edu/faculty/doug/otherpapers/kan57.pdf},
	doi = {10.2307/2372558},
	pages = {449--476},
	number = {3},
	journaltitle = {American Journal of Mathematics},
	author = {Kan, Daniel M.},
	urldate = {2022-12-04},
	date = {1957},
	note = {Publisher: Johns Hopkins University Press},
}

@inproceedings{kan_hurewicz_1958,
	location = {México},
	title = {The Hurewicz Theorem},
	url = {https://aareyanmanzoor.github.io/assets/articles/Kan-Hurewicz-Theorem.pdf},
	eventtitle = {Symposium Internacional de Topología Algebraica},
	pages = {225--231},
	booktitle = {Proceedings of the International Symposium on {ALgebraic} Topology and its applications},
	publisher = {Universidad Nacional Autónoma de México y la {UNESCO}},
	author = {Kan, Daniel M.},
	date = {1958},
	note = {{OCLC}: 560705},
	keywords = {Algebraic topology, Algebraic topology Congresses, Conference papers and proceedings, Topologie algébrique Congrès},
}

@article{kan_homotopy_1958,
	title = {On Homotopy Theory and C.S.S. Groups},
	volume = {68},
	issn = {0003-486X},
	url = {https://www.jstor.org/stable/1970042},
	doi = {10.2307/1970042},
	pages = {38--53},
	number = {1},
	journaltitle = {Annals of Mathematics},
	author = {Kan, Daniel M.},
	urldate = {2022-12-04},
	date = {1958},
	note = {Publisher: Annals of Mathematics},
}

@article{hartshorne_residues_1966,
	title = {Residues and duality},
	url = {https://eudml.org/doc/203789},
	author = {Hartshorne, Robin},
	urldate = {2022-12-04},
	date = {1966},
	note = {Publisher: Springer(Berlin [u.a.])},
}

@article{gershenson_higher_1965,
	title = {Higher composition products.},
	volume = {5},
	issn = {0023-608X},
	url = {https://projecteuclid.org/journals/journal-of-mathematics-of-kyoto-university/volume-5/issue-1/Higher-composition-products/10.1215/kjm/1250524554.full},
	doi = {10.1215/kjm/1250524554},
	abstract = {Kyoto Journal of Mathematics},
	pages = {1--37},
	number = {1},
	journaltitle = {Journal of Mathematics of Kyoto University},
	author = {Gershenson, Hillel H.},
	urldate = {2022-12-04},
	date = {1965-01},
	note = {Publisher: Duke University Press},
}

@book{gabriel_calculus_1967,
	location = {Berlin, Heidelberg},
	title = {Calculus of Fractions and Homotopy Theory},
	isbn = {978-3-642-85846-8 978-3-642-85844-4},
	url = {https://people.math.rochester.edu/faculty/doug/otherpapers/GZ.pdf},
	publisher = {Springer},
	author = {Gabriel, Peter and Zisman, Michel},
	urldate = {2022-12-04},
	date = {1967},
	langid = {english},
	doi = {10.1007/978-3-642-85844-4},
	keywords = {Calculus, Homotopie, Homotopy, Morphism, algebra, category theory, theorem},
}

@article{dold_homologie_1961,
	title = {Homologie nicht-additiver Funktoren. Anwendungen},
	volume = {11},
	issn = {0373-0956},
	url = {https://eudml.org/doc/73776},
	pages = {201--312},
	journaltitle = {Annales de l'institut Fourier},
	author = {Dold, Albrecht and Puppe, Dieter},
	urldate = {2022-12-04},
	date = {1961},
	note = {Publisher: Association des Annales de l'Institut Fourier},
}

@article{dold_homology_1958,
	title = {Homology of Symmetric Products and Other Functors of Complexes},
	volume = {68},
	issn = {0003-486X},
	url = {https://www.jstor.org/stable/1970043},
	doi = {10.2307/1970043},
	pages = {54--80},
	number = {1},
	journaltitle = {Annals of Mathematics},
	author = {Dold, Albrecht},
	urldate = {2022-12-04},
	date = {1958},
	note = {Publisher: Annals of Mathematics},
}

@inproceedings{barr_acyclic_1966,
	location = {Berlin, Heidelberg},
	title = {Acyclic Models and Triples},
	isbn = {978-3-642-99902-4},
	url = {https://www.math.mcgill.ca/barr/papers/amt.pdf},
	doi = {10.1007/978-3-642-99902-4_16},
	pages = {336--343},
	booktitle = {Proceedings of the Conference on Categorical Algebra},
	publisher = {Springer},
	author = {Barr, Michael and Beck, Jon},
	editor = {Eilenberg, S. and Harrison, D. K. and {MacLane}, S. and Röhrl, H.},
	date = {1966},
	langid = {english},
}

@article{barratt_semisimplicial_1959,
	title = {On Semisimplicial Fibre-Bundles},
	volume = {81},
	issn = {0002-9327},
	url = {https://www.jstor.org/stable/2372920},
	doi = {10.2307/2372920},
	pages = {639--657},
	number = {3},
	journaltitle = {American Journal of Mathematics},
	author = {Barratt, M. G. and Gugenheim, V. K. A. M. and Moore, J. C.},
	urldate = {2022-12-04},
	date = {1959},
	note = {Publisher: Johns Hopkins University Press},
}

@inproceedings{artin_homotopy_1967,
	location = {Berlin, Heidelberg},
	title = {Homotopy of Varieties in the Etale Topology},
	isbn = {978-3-642-87942-5},
	doi = {10.1007/978-3-642-87942-5_1},
	pages = {1--15},
	booktitle = {Proceedings of a Conference on Local Fields},
	publisher = {Springer},
	author = {Artin, M. and Mazur, B.},
	editor = {Springer, T. A.},
	date = {1967},
	langid = {english},
	keywords = {Discrete Valuation Ring, Homotopy Category, Homotopy Group, Homotopy Type, Integral Quadratic Form},
}

@book{artin_grothendieck_1962,
	title = {Grothendieck Topologies: Notes on a Seminar},
	url = {https://www.math.nagoya-u.ac.jp/~larsh/teaching/S2013_AG/grothendiecktopologies.pdf},
	shorttitle = {Grothendieck Topologies},
	pagetotal = {146},
	publisher = {Harvard University, Department of Mathematics},
	author = {Artin, Michael},
	date = {1962},
	langid = {english},
	note = {Google-Books-{ID}: {wERAAQAAIAAJ}},
}
